@article{Diener:2018qap,
      author         = "Diener, R. and others",
      title          = "{The DESY II Test Beam Facility}",
      year           = "2018",
      eprint         = "1807.09328",
      archivePrefix  = "arXiv",
      primaryClass   = "physics.ins-det",
      reportNumber   = "DESY 18-111, DESY-18-111",
      SLACcitation   = "%%CITATION = ARXIV:1807.09328;%%"
}

@article{Bilokin:2018gfn,
      author         = "Bilokin, S. and others",
      title          = "{Commissioning of the highly granular SiW-ECAL
                        technological prototype}",
      year           = "2018",
      eprint         = "1810.05133",
      archivePrefix  = "barXiv",
      primaryClass   = "physics.ins-det",
      SLACcitation   = "%%CITATION = ARXIV:1810.05133;%%"
}

@article{Behnke:2013xla,
      author         = "Behnke, Ties and Brau, James E. and Foster, Brian and
                        Fuster, Juan and Harrison, Mike and Paterson, James McEwan
                        and Peskin, Michael and Stanitzki, Marcel and Walker,
                        Nicholas and Yamamoto, Hitoshi",
      title          = "{The International Linear Collider Technical Design
                        Report - Volume 1: Executive Summary}",
      year           = "2013",
      eprint         = "1306.6327",
      archivePrefix  = "arXiv",
      primaryClass   = "physics.acc-ph",
      reportNumber   = "ILC-REPORT-2013-040, ANL-HEP-TR-13-20,
                        BNL-100603-2013-IR, IRFU-13-59, CERN-ATS-2013-037,
                        COCKCROFT-13-10, CLNS-13-2085, DESY-13-062,
                        FERMILAB-TM-2554, IHEP-AC-ILC-2013-001, INFN-13-04-LNF,
                        JAI-2013-001, JINR-E9-2013-35, JLAB-R-2013-01,
                        KEK-REPORT-2013-1, KNU-CHEP-ILC-2013-1, LLNL-TR-635539,
                        SLAC-R-1004, ILC-HIGRADE-REPORT-2013-003",
      SLACcitation   = "%%CITATION = ARXIV:1306.6327;%%"
}

@article{Balagura:2017pka,
      author         = "Balagura, V. and others",
      title          = "{SiW ECAL for future $e^+e^-$ collider}",
      booktitle      = "{Proceedings, International Conference on Instrumentation
                        for Colliding Beam Physics (INSTR17): Novosibirsk,
                        Russia}",
      journal        = "JINST",
      volume         = "12",
      year           = "2017",
      number         = "07",
      pages          = "C07013",
      doi            = "10.1088/1748-0221/12/07/C07013",
      eprint         = "1705.10838",
      archivePrefix  = "arXiv",
      primaryClass   = "physics.ins-det",
      SLACcitation   = "%%CITATION = ARXIV:1705.10838;%%"
}

@article{Baer:2013cma,
      author         = "Baer, Howard and Barklow, Tim and Fujii, Keisuke and Gao,
                        Yuanning and Hoang, Andre and Kanemura, Shinya and List,
                        Jenny and Logan, Heather E. and Nomerotski, Andrei and
                        Perelstein, Maxim and others ",
      title          = "{The International Linear Collider Technical Design
                        Report - Volume 2: Physics}",
      year           = "2013",
      eprint         = "1306.6352",
      archivePrefix  = "arXiv",
      primaryClass   = "hep-ph",
      reportNumber   = "ILC-REPORT-2013-040, ANL-HEP-TR-13-20,
                        BNL-100603-2013-IR, IRFU-13-59, CERN-ATS-2013-037,
                        COCKCROFT-13-10, CLNS-13-2085, DESY-13-062,
                        FERMILAB-TM-2554, IHEP-AC-ILC-2013-001, INFN-13-04-LNF,
                        JAI-2013-001, JINR-E9-2013-35, JLAB-R-2013-01,
                        KEK-REPORT-2013-1, KNU-CHEP-ILC-2013-1, LLNL-TR-635539,
                        SLAC-R-1004, ILC-HIGRADE-REPORT-2013-003",
      SLACcitation   = "%%CITATION = ARXIV:1306.6352;%%"
}

@article{Adolphsen:2013jya,
      author         = "Adolphsen, Chris and Barone, Maura and Barish, Barry and
                        Buesser, Karsten and Burrows, Philip and Carwardine, John
                        and Clark, Jeffrey and Mainaud Durand, Hélène and Dugan,
                        Gerry and Elsen, Eckhard and others ",
      title          = "{The International Linear Collider Technical Design
                        Report - Volume 3.I: Accelerator $\&$ in the Technical
                        Design Phase}",
      year           = "2013",
      eprint         = "1306.6353",
      archivePrefix  = "arXiv",
      primaryClass   = "physics.acc-ph",
      reportNumber   = "ILC-REPORT-2013-040, ANL-HEP-TR-13-20,
                        BNL-100603-2013-IR, IRFU-13-59, CERN-ATS-2013-037,
                        COCKCROFT-13-10, CLNS-13-2085, DESY-13-062,
                        FERMILAB-TM-2554, IHEP-AC-ILC-2013-001, INFN-13-04-LNF,
                        JAI-2013-001, JINR-E9-2013-35, JLAB-R-2013-01,
                        KEK-REPORT-2013-1, KNU-CHEP-ILC-2013-1, LLNL-TR-635539,
                        SLAC-R-1004, ILC-HIGRADE-REPORT-2013-003",
      SLACcitation   = "%%CITATION = ARXIV:1306.6353;%%"
}

@article{Adolphsen:2013kya,
      author         = "Adolphsen, Chris and Barone, Maura and Barish, Barry and
                        Buesser, Karsten and Burrows, Philip and Carwardine, John
                        and Clark, Jeffrey and Mainaud Durand, Hélène and Dugan,
                        Gerry and Elsen, Eckhard and others ",
      title          = "{The International Linear Collider Technical Design
                        Report - Volume 3.II: Accelerator Baseline Design}",
      year           = "2013",
      eprint         = "1306.6328",
      archivePrefix  = "arXiv",
      primaryClass   = "physics.acc-ph",
      reportNumber   = "ILC-REPORT-2013-040, ANL-HEP-TR-13-20,
                        BNL-100603-2013-IR, IRFU-13-59, CERN-ATS-2013-037,
                        COCKCROFT-13-10, CLNS-13-2085, DESY-13-062,
                        FERMILAB-TM-2554, IHEP-AC-ILC-2013-001, INFN-13-04-LNF,
                        JAI-2013-001, JINR-E9-2013-35, JLAB-R-2013-01,
                        KEK-REPORT-2013-1, KNU-CHEP-ILC-2013-1, LLNL-TR-635539,
                        SLAC-R-1004, ILC-HIGRADE-REPORT-2013-003",
      SLACcitation   = "%%CITATION = ARXIV:1306.6328;%%"
}

@article{Behnke:2013lya,
      author         = "Abramowicz, Halina and others",
      editor         = "Behnke, Ties and Brau, James E. and Burrows, Philip N.
                        and Fuster, Juan and Peskin, Michael and Stanitzki, Marcel
                        and Sugimoto, Yasuhiro and Yamada, Sakue and Yamamoto,
                        Hitoshi",
      title          = "{The International Linear Collider Technical Design
                        Report - Volume 4: Detectors}",
      year           = "2013",
      eprint         = "1306.6329",
      archivePrefix  = "arXiv",
      primaryClass   = "physics.ins-det",
      reportNumber   = "ILC-REPORT-2013-040, ANL-HEP-TR-13-20,
                        BNL-100603-2013-IR, IRFU-13-59, CERN-ATS-2013-037,
                        COCKCROFT-13-10, CLNS-13-2085, DESY-13-062,
                        FERMILAB-TM-2554, IHEP-AC-ILC-2013-001, INFN-13-04-LNF,
                        JAI-2013-001, JINR-E9-2013-35, JLAB-R-2013-01,
                        KEK-REPORT-2013-1, KNU-CHEP-ILC-2013-1, LLNL-TR-635539,
                        SLAC-R-1004, ILC-HIGRADE-REPORT-2013-003",
      SLACcitation   = "%%CITATION = ARXIV:1306.6329;%%"
}

@article{Aicheler:2012bya,
      author         = "Aicheler, M and Burrows, P and Draper, M and Garvey, T
                        and Lebrun, P and Peach, K and Phinney, N and Schmickler,
                        H and Schulte, D and Toge, N",
      title          = "{A Multi-TeV Linear Collider Based on CLIC Technology}",
      doi            = "10.5170/CERN-2012-007",
      year           = "2012",
      reportNumber   = "CERN-2012-007, SLAC-R-985, KEK-Report-2012-1, PSI-12-01,
                        JAI-2012-001",
      SLACcitation   = "%%CITATION = CERN-2012-007;%%"
}

@article{Linssen:2012hp,
      author         = "Linssen, Lucie and Miyamoto, Akiya and Stanitzki, Marcel
                        and Weerts, Harry",
      title          = "{Physics and Detectors at CLIC: CLIC Conceptual Design
                        Report}",
      doi            = "10.5170/CERN-2012-003",
      year           = "2012",
      eprint         = "1202.5940",
      archivePrefix  = "arXiv",
      primaryClass   = "physics.ins-det",
      reportNumber   = "CERN-2012-003, ANL-HEP-TR-12-01, DESY-12-008,
                        KEK-REPORT-2011-7",
      SLACcitation   = "%%CITATION = ARXIV:1202.5940;%%"
}

@article{Lebrun:2012hj,
      author         = "Lebrun, P. and Linssen, L. and Lucaci-Timoce, A. and
                        Schulte, D. and Simon, F. and Stapnes, S. and Toge, N. and
                        Weerts, H. and Wells, J.",
      title          = "{The CLIC Programme: Towards a Staged e+e- Linear
                        Collider Exploring the Terascale : CLIC Conceptual Design
                        Report}",
      doi            = "10.5170/CERN-2012-005",
      year           = "2012",
      eprint         = "1209.2543",
      archivePrefix  = "arXiv",
      primaryClass   = "physics.ins-det",
      reportNumber   = "CERN-2012-005, ANL-HEP-TR-12-51, KEK-REPORT-2012-2,
                        MPP-2012-115",
      SLACcitation   = "%%CITATION = ARXIV:1209.2543;%%"
}

@article{Brient:2002gh,
      author         = "Brient, Jean-Claude and Videau, Henri",
      title          = "{The Calorimetry at the future e+ e- linear collider}",
      booktitle      = "{Proceedings, APS / DPF / DPB Summer Study on the Future
                        of Particle Physics (Snowmass 2001), Snowmass, Colorado,
                        30 Jun - 21 Jul 2001}",
      journal        = "eConf",
      volume         = "C010630",
      year           = "2001",
      pages          = "E3047",
      eprint         = "hep-ex/0202004",
      archivePrefix  = "arXiv",
      primaryClass   = "hep-ex",
      reportNumber   = "SNOWMASS-2001-E3047",
      SLACcitation   = "%%CITATION = HEP-EX/0202004;%%"
}

@inproceedings{Morgunov:2004ed,
      author         = "Morgunov, V. and Raspereza, A.",
      title          = "{Novel 3-D clustering algorithm and two particle separation with tile HCAL}",
      booktitle      = "{Linear colliders. Proceedings, International Conference, LCWS 2004, Paris, France, April 19-23, 2004}",
      year           = "2004",
      pages          = "431-436",
      eprint         = "physics/0412108",
      archivePrefix  = "arXiv",
      primaryClass   = "physics",
      SLACcitation   = "%%CITATION = PHYSICS/0412108;%%"
      url            = "%%http://inspirehep.net/record/667651/files/arXiv:physics_0412108.pdf%%",
}

@article{Sefkow:2015hna,
      author         = "Sefkow, Felix and White, Andy and Kawagoe, Kiyotomo and
                        Pöschl, Roman and Repond, José",
      title          = "{Experimental Tests of Particle Flow Calorimetry}",
      journal        = "Rev. Mod. Phys.",
      volume         = "88",
      year           = "2016",
      pages          = "015003",
      doi            = "10.1103/RevModPhys.88.015003",
      eprint         = "1507.05893",
      archivePrefix  = "arXiv",
      primaryClass   = "physics.ins-det",
      reportNumber   = "DESY-14-032, KYUSHU-RCAPP-2015-01, LAL-15-235",
      SLACcitation   = "%%CITATION = ARXIV:1507.05893;%%"
}

@article{Adloff:2011ha,
      author         = "Adloff, C. and Blaha, J. and Blaising, J. -J. and
                        Drancourt, C. and Espargiliere, A. and Galione, R. and
                        Geffroy, N. and Karyotakis, Y. and Prast, J. and Vouters,
                        G.",
      title          = "{Tests of a particle flow algorithm with CALICE test beam
                        data}",
      collaboration  = "CALICE",
      journal        = "JINST",
      volume         = "6",
      year           = "2011",
      pages          = "P07005",
      doi            = "10.1088/1748-0221/6/07/P07005",
      eprint         = "1105.3417",
      archivePrefix  = "arXiv",
      primaryClass   = "physics.ins-det",
      SLACcitation   = "%%CITATION = ARXIV:1105.3417;%%"
}

@article{Anduze:2008hq,
      author         = "Repond, J. and others",
      title          = "{Design and Electronics Commissioning of the Physics
                        Prototype of a Si-W Electromagnetic Calorimeter for the
                        International Linear Collider}",
      collaboration  = "CALICE",
      journal        = "JINST",
      volume         = "3",
      year           = "2008",
      pages          = "P08001",
      doi            = "10.1088/1748-0221/3/08/P08001",
      eprint         = "0805.4833",
      archivePrefix  = "arXiv",
      primaryClass   = "physics.ins-det",
      SLACcitation   = "%%CITATION = ARXIV:0805.4833;%%"
}

@article{Adloff:2008aa,
      author         = "Adloff, C. and others",
      title          = "{Response of the CALICE Si-W electromagnetic calorimeter
                        physics prototype to electrons}",
      collaboration  = "CALICE",
      journal        = "Nucl. Instrum. Meth.",
      volume         = "A608",
      year           = "2009",
      pages          = "372-383",
      doi            = "10.1016/j.nima.2009.07.026",
      eprint         = "0811.2354",
      archivePrefix  = "arXiv",
      primaryClass   = "physics.ins-det",
      SLACcitation   = "%%CITATION = ARXIV:0811.2354;%%"
}

@article{Adloff:2010xj,
      author         = "Adloff, C. and others",
      title          = "{Study of the interactions of pions in the CALICE
                        silicon-tungsten calorimeter prototype}",
      journal        = "JINST",
      volume         = "5",
      year           = "2010",
      pages          = "P05007",
      doi            = "10.1088/1748-0221/5/05/P05007",
      eprint         = "1004.4996",
      archivePrefix  = "arXiv",
      primaryClass   = "physics.ins-det",
      SLACcitation   = "%%CITATION = ARXIV:1004.4996;%%"
}

@article{CALICE:2011aa,
      author         = "Adloff, C. and others",
      title          = "{Effects of high-energy particle showers on the embedded
                        front-end electronics of an electromagnetic calorimeter
                        for a future lepton collider}",
      collaboration  = "CALICE",
      journal        = "Nucl. Instrum. Meth.",
      volume         = "A654",
      year           = "2011",
      pages          = "97-109",
      doi            = "10.1016/j.nima.2011.06.056",
      eprint         = "1102.3454",
      archivePrefix  = "arXiv",
      primaryClass   = "physics.ins-det",
      reportNumber   = "LAL-11-19",
      SLACcitation   = "%%CITATION = ARXIV:1102.3454;%%"
}

@article{Bilki:2014uep,
      author         = "Bilki, B. and others",
      title          = "{Testing hadronic interaction models using a highly
                        granular silicon–tungsten calorimeter}",
      collaboration  = "CALICE",
      journal        = "Nucl. Instrum. Meth.",
      volume         = "A794",
      year           = "2015",
      pages          = "240-254",
      doi            = "10.1016/j.nima.2015.05.009",
      eprint         = "1411.7215",
      archivePrefix  = "arXiv",
      primaryClass   = "physics.ins-det",
      SLACcitation   = "%%CITATION = ARXIV:1411.7215;%%"
}

@article{Cornat:2015eoa,
      author         = "Cornat, R. and Pöeschl, R.",
      title          = "{Technological prototype of a silicon-tungsten imaging
                        electromagnetic calorimeter}",
      booktitle      = "{Proceedings, Topical Workshop on Electronics for
                        Particle Physics (TWEPP14): Aix en Provence, France,
                        September 22-26, 2014}",
      collaboration  = "CALICE",
      journal        = "JINST",
      volume         = "10",
      year           = "2015",
      number         = "06",
      pages          = "C06015",
      doi            = "10.1088/1748-0221/10/06/C06015",
      SLACcitation   = "%%CITATION = JINST,10,C06015;%%"
}

@article{Cornat:2009zz,
      author         = "Cornat, Remi",
      title          = "{Semiconductor sensors for the CALICE SiW EMC and study
                        of the cross-talk between guard rings and pixels in the
                        CALICE SiW prototype}",
      booktitle      = "{Calorimetry in high energy physics. Proceedings, 13th
                        International Conference, CALOR 2008, Pavia, Italy, May
                        26-30, 2008}",
      collaboration  = "CALICE",
      journal        = "J. Phys. Conf. Ser.",
      volume         = "160",
      year           = "2009",
      pages          = "012067",
      doi            = "10.1088/1742-6596/160/1/012067",
      SLACcitation   = "%%CITATION = 00462,160,012067;%%"
}

@article{Callier:2011zz,
      author         = "Callier, S. and Dulucq, F. and de La Taille, C. and
                        Martin-Chassard, G. and Seguin-Moreau, N.",
      title          = "{SKIROC2, front end chip designed to readout the
                        Electromagnetic CALorimeter at the ILC}",
      booktitle      = "{Electronics for particle physics. Proceedings, Topical
                        Workshop, TWEPP-11, Vienna, Austria, September 26-30,
                        2011}",
      journal        = "JINST",
      volume         = "6",
      year           = "2011",
      pages          = "C12040",
      doi            = "10.1088/1748-0221/6/12/C12040",
      SLACcitation   = "%%CITATION = JINST,6,C12040;%%"
}

@article{Gastaldi:2014vaa,
      author         = "Gastaldi, Franck and Cornat, Remi and Magniette, Frederic
                        and Boudry, Vincent",
      title          = "{A scalable gigabit data acquisition system for
                        calorimeters for linear collider}",
      booktitle      = "{Proceedings, 3rd International Conference on Technology
                        and Instrumentation in Particle Physics (TIPP 2014):
                        Amsterdam, Netherlands, June 2-6, 2014}",
      journal        = "PoS",
      volume         = "TIPP2014",
      year           = "2014",
      pages          = "193",
      doi            = "10.22323/1.213.0193",
      reportNumber   = "AIDA-CONF-2015-019",
      SLACcitation   = "%%CITATION = POSCI,TIPP2014,193;%%"
}

@article{Magniette:2018wdz,
      author         = "Magniette, F. and Irles, A.",
      title          = "{Pyrame 3, an online framework for Calice SiW-Ecal}",
      booktitle      = "{Proceedings, International Conference on Calorimetry for
                        the High Energy Frontier (CHEF 2017): Lyon, France,
                        October 2-6, 2017}",
      collaboration  = "CALICE",
      journal        = "JINST",
      volume         = "13",
      year           = "2018",
      number         = "03",
      pages          = "C03009",
      doi            = "10.1088/1748-0221/13/03/C03009",
      SLACcitation   = "%%CITATION = JINST,13,C03009;%%"
}

@article{Rubio-Roy:2017ere,
      author         = "Rubio-Roy, Miguel and Thiant, Floris and Magniette,
                        Frédéric",
      title          = "{Flexible online monitoring for high-energy physics with
                        Pyrame}",
      booktitle      = "{Proceedings, 22nd International Conference on Computing
                        in High Energy and Nuclear Physics (CHEP2016): San
                        Francisco, CA, October 14-16, 2016}",
      journal        = "J. Phys. Conf. Ser.",
      volume         = "898",
      year           = "2017",
      number         = "3",
      pages          = "032009",
      doi            = "10.1088/1742-6596/898/3/032009",
      SLACcitation   = "%%CITATION = 00462,898,032009;%%"
}

@article{Suehara:2018mqk,
      author         = "Suehara, T. and others",
      title          = "{Performance study of SKIROC2/A ASIC for ILD Si-W ECAL}",
      booktitle      = "{Proceedings, International Conference on Calorimetry for
                        the High Energy Frontier (CHEF 2017): Lyon, France,
                        October 2-6, 2017}",
      journal        = "JINST",
      volume         = "13",
      year           = "2018",
      number         = "03",
      pages          = "C03015",
      doi            = "10.1088/1748-0221/13/03/C03015",
      eprint         = "1801.02024",
      archivePrefix  = "arXiv",
      primaryClass   = "physics.ins-det",
      SLACcitation   = "%%CITATION = ARXIV:1801.02024;%%"
}

@article{Amjad:2014tha,
      author         = "Amjad, M. S. and others",
      title          = "{Beam test performance of the SKIROC2 ASIC}",
      journal        = "Nucl. Instrum. Meth.",
      volume         = "A778",
      year           = "2015",
      pages          = "78-84",
      doi            = "10.1016/j.nima.2014.12.011",
      SLACcitation   = "%%CITATION = NUIMA,A778,78;%%"
}

@article{Boudry:2318814,
      author        = "Boudry, V. and Cornat, R. and Lacour, D. and Pöschl, R.
                       and Magniette, F.",
      title         = "{Advanced assembly chain for Si calorimeters}",
      month         = "May",
      year          = "2018",
      reportNumber  = "AIDA-2020-D14.3",
      url           = "http://cds.cern.ch/record/2318814",
}

@article{Agostinelli:2002hh,
      author         = "Agostinelli, S. and others",
      title          = "{GEANT4: A Simulation toolkit}",
      collaboration  = "GEANT4",
      journal        = "Nucl. Instrum. Meth.",
      volume         = "A506",
      year           = "2003",
      pages          = "250-303",
      doi            = "10.1016/S0168-9002(03)01368-8",
      reportNumber   = "SLAC-PUB-9350, FERMILAB-PUB-03-339",
      SLACcitation   = "%%CITATION = NUIMA,A506,250;%%"
}

@article{Allison:2006ve,
      author         = "Allison, John and others",
      title          = "{Geant4 developments and applications}",
      journal        = "IEEE Trans. Nucl. Sci.",
      volume         = "53",
      year           = "2006",
      pages          = "270",
      doi            = "10.1109/TNS.2006.869826",
      reportNumber   = "SLAC-PUB-11870",
      SLACcitation   = "%%CITATION = IETNA,53,270;%%"
}

@article{Allison:2016lfl,
      author         = "Allison, J. and others",
      title          = "{Recent developments in G$_{EANT}$4}",
      journal        = "Nucl. Instrum. Meth.",
      volume         = "A835",
      year           = "2016",
      pages          = "186-225",
      doi            = "10.1016/j.nima.2016.06.125",
      reportNumber   = "FERMILAB-PUB-16-447-CD",
      SLACcitation   = "%%CITATION = NUIMA,A835,186;%%"
}

@article{Irles:2018uum,
      author         = "Irles, Adrián",
      title          = "{Latest R\&D news and beam test performance of the highly
                        granular SiW-ECAL technological prototype for the ILC}",
      booktitle      = "{Proceedings, International Conference on Calorimetry for
                        the High Energy Frontier (CHEF 2017): Lyon, France,
                        October 2-6, 2017}",
      collaboration  = "CALICE",
      journal        = "JINST",
      volume         = "13",
      year           = "2018",
      number         = "02",
      pages          = "C02038",
      doi            = "10.1088/1748-0221/13/02/C02038",
      eprint         = "1802.08806",
      archivePrefix  = "arXiv",
      primaryClass   = "physics.ins-det",
      reportNumber   = "AIDA-2020-CONF-2017-010",
      SLACcitation   = "%%CITATION = ARXIV:1802.08806;%%"
}


@inproceedings{Irles:2018hcd,
      author         = "Irles, Adrián",
      title          = "{Latest developments on the highly granular
                        Silicon-Tungsten Electromagnetic Calorimeter technological
                        prototype for the International Large Detector}",
      booktitle      = "{2017 IEEE Nuclear Science Symposium and Medical Imaging
                        Conference (NSS/MIC 2017) Atlanta, Georgia, USA, October
                        21-28, 2017}",
      collaboration  = "CALICE",
      url            = "http://inspirehep.net/record/1651519/files/arXiv:1801.10407.pdf",
      year           = "2018",
      eprint         = "1801.10407",
      archivePrefix  = "arXiv",
      primaryClass   = "physics.ins-det",
      reportNumber   = "AIDA-2020-CONF-2017-009",
      SLACcitation   = "%%CITATION = ARXIV:1801.10407;%%"
}
